@inproceedings{maxn,
  title={An Algorithmic Solution of N-Person Games.},
  author={Luckhart, Carol and Irani, Keki B},
  booktitle={AAAI},
  volume={86},
  pages={158--162},
  year={1986}
}